<?xml version="1.0" encoding="UTF-8"?><collection xmlns="http://www.loc.gov/MARC21/slim"><record><leader>00746nam--2200169-i-4500</leader><controlfield tag="001">000006857</controlfield><controlfield tag="002">20161230</controlfield><controlfield tag="005">20161230201027</controlfield><controlfield tag="008">060222s1000------------r-----000-0-eng-d</controlfield><datafield ind1=" " ind2=" " tag="040"><subfield code="a">IFIN-HH</subfield></datafield><datafield ind1=" " ind2=" " tag="080"><subfield code="a">39.12.04:620.182(061.3)</subfield></datafield><datafield ind1="1" ind2=" " tag="110"><subfield code="a">American Society For Testing And Materials</subfield></datafield><datafield ind1="1" ind2="0" tag="245"><subfield code="a">Irradiation effects on the microstructure and properties of metals</subfield><subfield code="b">A symposium sponsored by astm committee e-10 on nuclear applications and measurement of radiation american society for testing and materials st. louis, mo., 4-6 may 1976</subfield><subfield code="c">Shober, f.r</subfield></datafield><datafield ind1=" " ind2=" " tag="260"><subfield code="a">Baltimore</subfield><subfield code="b">American Society For Testing And Materials</subfield><subfield code="c">1976</subfield></datafield><datafield ind1=" " ind2=" " tag="490"><subfield code="a">Astm Special Technical Publication</subfield><subfield code="v">No. 611</subfield></datafield><datafield ind1=" " ind2=" " tag="852"><subfield code="a">19807</subfield><subfield code="c">539.12.04</subfield></datafield><datafield ind1=" " ind2=" " tag="CAT"><subfield code="a">Sys</subfield><subfield code="c">20120206</subfield><subfield code="h">111506</subfield></datafield></record></collection>